<?xml version="1.0" encoding="UTF-8"?><collection xmlns="http://www.loc.gov/MARC21/slim"><record><leader>00455nam--2200145-i-4500</leader><controlfield tag="001">000009056</controlfield><controlfield tag="002">20161230</controlfield><controlfield tag="005">20170302001800</controlfield><controlfield tag="008">060222s1000------------r-----000-0-eng-d</controlfield><datafield ind1=" " ind2=" " tag="100"><subfield code="a">Bradescu, M</subfield></datafield><datafield ind1=" " ind2=" " tag="245"><subfield code="a">Metodologie generala de studiu si calcul privind siguranta functionarii sistemelor tehnice complexe</subfield></datafield><datafield ind1=" " ind2=" " tag="260"><subfield code="a">Bucuresti</subfield><subfield code="b">Insstitutul De Studii Si Proiectari Energetice</subfield><subfield code="c">1969</subfield></datafield><datafield ind1=" " ind2=" " tag="300"><subfield code="a">24 p</subfield></datafield><datafield ind1=" " ind2=" " tag="852"><subfield code="a">621.38</subfield></datafield><datafield ind1=" " ind2=" " tag="CAT"><subfield code="a">SYS</subfield><subfield code="c">20170302</subfield><subfield code="h">001800</subfield></datafield></record></collection>